@book {am69,
    AUTHOR = {Atiyah, M. F. and Macdonald, I. G.},
     TITLE = {Introduction to commutative algebra},
 PUBLISHER = {Addison-Wesley Publishing Co., Reading, Mass.-London-Don
              Mills, Ont.},
      YEAR = {1969},
     PAGES = {ix+128},
   MRCLASS = {13.00},
  MRNUMBER = {0242802},
MRREVIEWER = {J. A. Johnson},
}

@book {bre97,
  AUTHOR = {Bredon, Glen E.},
  TITLE = {Topology and geometry},
  SERIES = {Graduate Texts in Mathematics},
  VOLUME = {139},
  NOTE = {Corrected third printing of the 1993 original},
  PUBLISHER = {Springer-Verlag, New York},
  YEAR = {1997},
  PAGES = {xiv+557},
  ISBN = {0-387-97926-3},
  MRCLASS = {55-01 (54-01 57-01)},
  MRNUMBER = {1700700},
}

@article {es98,
    AUTHOR = {Ellingsrud, Geir and Str\o mme, Stein Arild},
     TITLE = {An intersection number for the punctual {H}ilbert scheme of a
              surface},
   JOURNAL = {Trans. Amer. Math. Soc.},
  FJOURNAL = {Transactions of the American Mathematical Society},
    VOLUME = {350},
      YEAR = {1998},
    NUMBER = {6},
     PAGES = {2547--2552},
      ISSN = {0002-9947},
   MRCLASS = {14C17 (14C05)},
  MRNUMBER = {1432198},
MRREVIEWER = {Bruce Hunt},
       DOI = {10.1090/S0002-9947-98-01972-2},
       URL = {https://doi.org/10.1090/S0002-9947-98-01972-2},
}

@book {gw10,
    AUTHOR = {G\"{o}rtz, Ulrich and Wedhorn, Torsten},
     TITLE = {Algebraic geometry {I}},
    SERIES = {Advanced Lectures in Mathematics},
      NOTE = {Schemes with examples and exercises},
 PUBLISHER = {Vieweg + Teubner, Wiesbaden},
      YEAR = {2010},
     PAGES = {viii+615},
      ISBN = {978-3-8348-0676-5},
   MRCLASS = {14-01},
  MRNUMBER = {2675155},
MRREVIEWER = {C\'{\i}cero Carvalho},
       DOI = {10.1007/978-3-8348-9722-0},
       URL = {https://doi.org/10.1007/978-3-8348-9722-0},
}

@book {har77,
  AUTHOR = {Hartshorne, Robin},
  TITLE = {Algebraic geometry},
  NOTE = {Graduate Texts in Mathematics, No. 52},
  PUBLISHER = {Springer-Verlag, New York-Heidelberg},
  YEAR = {1977},
  PAGES = {xvi+496},
  ISBN = {0-387-90244-9},
  MRCLASS = {14-01},
  MRNUMBER = {0463157},
  MRREVIEWER = {Robert Speiser},
}

@book {hl97,
    AUTHOR = {Huybrechts, Daniel and Lehn, Manfred},
     TITLE = {The geometry of moduli spaces of sheaves},
    SERIES = {Aspects of Mathematics, E31},
 PUBLISHER = {Friedr. Vieweg \& Sohn, Braunschweig},
      YEAR = {1997},
     PAGES = {xiv+269},
      ISBN = {3-528-06907-4},
   MRCLASS = {14D20 (14F05)},
  MRNUMBER = {1450870},
MRREVIEWER = {Jean-Marc Drezet},
       DOI = {10.1007/978-3-663-11624-0},
       URL = {https://doi.org/10.1007/978-3-663-11624-0},
}

@book {km85,
    AUTHOR = {Katz, Nicholas M. and Mazur, Barry},
     TITLE = {Arithmetic moduli of elliptic curves},
    SERIES = {Annals of Mathematics Studies},
    VOLUME = {108},
 PUBLISHER = {Princeton University Press, Princeton, NJ},
      YEAR = {1985},
     PAGES = {xiv+514},
      ISBN = {0-691-08349-5; 0-691-08352-5},
   MRCLASS = {11G05 (11F11 14G25 14K15)},
  MRNUMBER = {772569},
MRREVIEWER = {Kenneth A. Ribet},
       DOI = {10.1515/9781400881710},
       URL = {https://doi.org/10.1515/9781400881710},
}

@book {knu71,
    AUTHOR = {Knutson, Donald},
     TITLE = {Algebraic spaces},
    SERIES = {Lecture Notes in Mathematics, Vol. 203},
 PUBLISHER = {Springer-Verlag, Berlin-New York},
      YEAR = {1971},
     PAGES = {vi+261},
   MRCLASS = {14A20 (13J15 14F20)},
  MRNUMBER = {0302647},
MRREVIEWER = {H. Kurke},
}

@book {mfk94,
    AUTHOR = {Mumford, D. and Fogarty, J. and Kirwan, F.},
     TITLE = {Geometric invariant theory},
    SERIES = {Ergebnisse der Mathematik und ihrer Grenzgebiete (2) [Results
              in Mathematics and Related Areas (2)]},
    VOLUME = {34},
   EDITION = {Third},
 PUBLISHER = {Springer-Verlag, Berlin},
      YEAR = {1994},
     PAGES = {xiv+292},
      ISBN = {3-540-56963-4},
   MRCLASS = {14D25 (58E05 58F05)},
  MRNUMBER = {1304906},
MRREVIEWER = {Yi Hu},
       DOI = {10.1007/978-3-642-57916-5},
       URL = {https://doi.org/10.1007/978-3-642-57916-5},
}

@book {ms05,
    AUTHOR = {Miller, Ezra and Sturmfels, Bernd},
     TITLE = {Combinatorial commutative algebra},
    SERIES = {Graduate Texts in Mathematics},
    VOLUME = {227},
 PUBLISHER = {Springer-Verlag, New York},
      YEAR = {2005},
     PAGES = {xiv+417},
      ISBN = {0-387-22356-8},
   MRCLASS = {13-01 (05-01 05E99 13D02 14M15 14M25)},
  MRNUMBER = {2110098},
MRREVIEWER = {Joseph Gubeladze},
}

@book {nak99,
    AUTHOR = {Nakajima, Hiraku},
     TITLE = {Lectures on {H}ilbert schemes of points on surfaces},
    SERIES = {University Lecture Series},
    VOLUME = {18},
 PUBLISHER = {American Mathematical Society, Providence, RI},
      YEAR = {1999},
     PAGES = {xii+132},
      ISBN = {0-8218-1956-9},
   MRCLASS = {14C05 (17B69)},
  MRNUMBER = {1711344},
MRREVIEWER = {Mark Andrea A. de Cataldo},
       DOI = {10.1090/ulect/018},
       URL = {https://doi.org/10.1090/ulect/018},
}

@article {ser56,
    AUTHOR = {Serre, Jean-Pierre},
     TITLE = {G\'{e}om\'{e}trie alg\'{e}brique et g\'{e}om\'{e}trie analytique},
   JOURNAL = {Ann. Inst. Fourier (Grenoble)},
  FJOURNAL = {Universit\'{e} de Grenoble. Annales de l'Institut Fourier},
    VOLUME = {6},
      YEAR = {1955/56},
     PAGES = {1--42},
      ISSN = {0373-0956},
   MRCLASS = {53.3X},
  MRNUMBER = {82175},
MRREVIEWER = {H. Cartan},
       URL = {http://aif.cedram.org/item?id=AIF_1955__6__1_0},
}
		
@misc{leh00,
  author = {Lehn, Manfred},
  title = {Lectures on Hilbert schemes},
  howpublished = {\url{https://download.uni-mainz.de/mathematik/Topologie%20und%20Geometrie/Arbeiten/%C3%9Cbersichtsartikel/montreal-1.ps}},
  year = {2000},
}

@misc{ber08,
  author = {Bertin, Jos√©},
  title = {The punctual Hilbert scheme: an introduction},
  howpublished = {\url{https://www-fourier.ujf-grenoble.fr/sites/ifmaquette.ujf-grenoble.fr/files/bertin_rev.pdf}},
  year = {2008},
}

@misc{mus11,
  author = {Musta\c{t}\v{a}, Mircea},
  title = {Zeta functions in algebraic geometry},
  howpublished = {\url{http://www.math.lsa.umich.edu/~mmustata/zeta_book.pdf}},
  year = {2011},
}

@misc{rot16,
  author = {Rota, Franco},
  title = {Symmetric products and the Hilbert scheme of points},
  howpublished = {\url{http://www.math.utah.edu/~filipazz/seminar_notes/fall_2016/Hilbert_scheme_points.pdf}},
  year = {2016},
}

@misc{stacks-project,
  author       = {The {Stacks project authors}},
  title        = {The Stacks project},
  howpublished = {\url{https://stacks.math.columbia.edu}},
  year         = {2021},
}
